<?xml version="1.0" encoding="utf-8"?>
<record xmlns="http://www.loc.gov/MARC21/slim" xmlns:xsi="http://www.w3.org/2001/XMLSchema-instance" xsi:schemaLocation="http://www.loc.gov/MARC21/slim http://www.loc.gov/standards/marcxml/schema/MARC21slim.xsd">
	<leader>     nam a22        4500</leader>
	<controlfield tag="001">b12630184</controlfield>
	<controlfield tag="003">LeBAU</controlfield>
	<controlfield tag="006">m        d        </controlfield>
	<controlfield tag="007">cr cn |||m|||a</controlfield>
	<controlfield tag="008">170830s1908    ua      o     ||0 0 ara d</controlfield>
	<datafield ind1=" " ind2=" " tag="040">
		<subfield code="a">NNU</subfield>
		<subfield code="b">ara</subfield>
		<subfield code="e">rda</subfield>
		<subfield code="c">NNU</subfield>
	</datafield>
	<datafield ind1=" " ind2="4" tag="050">
		<subfield code="a">D200</subfield>
		<subfield code="b">.M952 1908</subfield>
	</datafield>
	<datafield ind1="0" ind2="4" tag="082">
		<subfield code="a">909</subfield>
		<subfield code="2">22</subfield>
	</datafield>
	<datafield ind1="0" ind2=" " tag="100">
		<subfield code="6">880-01</subfield>
		<subfield code="a">Ṭabarī,</subfield>
		<subfield code="d">838?-923,</subfield>
		<subfield code="e">author.</subfield>
	</datafield>
	<datafield ind1="1" ind2="0" tag="240">
		<subfield code="6">880-02</subfield>
		<subfield code="a">Tārīkh al-Ṭabarī</subfield>
	</datafield>
	<datafield ind1="1" ind2="0" tag="245">
		<subfield code="6">880-03</subfield>
		<subfield code="a">Tārīkh al-umam wa-al-mulūk /</subfield>
		<subfield code="c">li-Abī Jaʻfar Muḥammad ibn Jarīr al-Tạbarī.</subfield>
	</datafield>
	<datafield ind1="3" ind2=" " tag="246">
		<subfield code="6">880-04</subfield>
		<subfield code="a">Tārīkh al-rusul wa-al-mulūk</subfield>
	</datafield>
	<datafield ind1=" " ind2=" " tag="250">
		<subfield code="6">880-05</subfield>
		<subfield code="a">al-Ṭab‘ah al-ūlá.</subfield>
	</datafield>
	<datafield ind1=" " ind2="1" tag="264">
		<subfield code="6">880-06</subfield>
		<subfield code="a">[Miṣr] :</subfield>
		<subfield code="b">al-Maṭbaʻah al-Husaynīyah al-Miṣrīyah,</subfield>
		<subfield code="c">1326 H., [1908 M.]</subfield>
	</datafield>
	<datafield ind1=" " ind2=" " tag="300">
		<subfield code="6">880-07</subfield>
		<subfield code="a">online resource (5 volumes)</subfield>
	</datafield>
	<datafield ind1=" " ind2=" " tag="336">
		<subfield code="a">text</subfield>
		<subfield code="2">rdacontent</subfield>
	</datafield>
	<datafield ind1=" " ind2=" " tag="337">
		<subfield code="a">computer</subfield>
		<subfield code="2">rdamedia</subfield>
	</datafield>
	<datafield ind1=" " ind2=" " tag="338">
		<subfield code="a">online resource</subfield>
		<subfield code="2">rdacarrier</subfield>
	</datafield>
	<datafield ind1=" " ind2=" " tag="500">
		<subfield code="a">Part of the Arabic Collections Online (ACO) project, contributed by American University of Beirut's Jafet Memorial Library.</subfield>
	</datafield>
	<datafield ind1=" " ind2=" " tag="533">
		<subfield code="a">Electronic reproduction.</subfield>
		<subfield code="b">New York, N.Y. :</subfield>
		<subfield code="c">New York University,</subfield>
		<subfield code="d">2017.</subfield>
		<subfield code="5">NNU</subfield>
	</datafield>
	<datafield ind1=" " ind2="0" tag="650">
		<subfield code="6">880-08</subfield>
		<subfield code="a">World history</subfield>
		<subfield code="v">Early works to 1800.</subfield>
	</datafield>
	<datafield ind1=" " ind2="0" tag="650">
		<subfield code="6">880-09</subfield>
		<subfield code="a">Muslim scholars</subfield>
		<subfield code="v">Biography</subfield>
		<subfield code="v">Early works to 1800.</subfield>
	</datafield>
	<datafield ind1=" " ind2="0" tag="651">
		<subfield code="6">880-10</subfield>
		<subfield code="a">Islamic Empire</subfield>
		<subfield code="x">History</subfield>
		<subfield code="v">Early works to 1800.</subfield>
	</datafield>
	<datafield ind1=" " ind2="0" tag="651">
		<subfield code="6">880-11</subfield>
		<subfield code="a">Orient</subfield>
		<subfield code="x">History.</subfield>
	</datafield>
	<datafield ind1="2" ind2=" " tag="710">
		<subfield code="a">Jafet Memorial Library.</subfield>
	</datafield>
	<datafield ind1="0" ind2=" " tag="730">
		<subfield code="a">Arabic Collections Online.</subfield>
	</datafield>
	<datafield ind1="0" ind2=" " tag="774">
		<subfield code="6">880-12</subfield>
		<subfield code="a">ʻArīb ibn Saʻd, -979 or 980.</subfield>
		<subfield code="t">Ṣilat tārīkh al-Ṭabarī.</subfield>
	</datafield>
	<datafield ind1="0" ind2=" " tag="774">
		<subfield code="6">880-13</subfield>
		<subfield code="a">Ṭabarī, 838?-923.</subfield>
		<subfield code="t">Muntakhab min kitāb dhayl al-mudhayyal.</subfield>
	</datafield>
	<datafield ind1="0" ind2=" " tag="775">
		<subfield code="6">880-14</subfield>
		<subfield code="t">Tārīkh al-umam wa-al-mulūk</subfield>
		<subfield code="d">al-Qāhirah : Maṭba‘at al-Istiqāmah, 1939</subfield>
		<subfield code="w">(OCoLC)784434591</subfield>
		<subfield code="w">(OCoLC)784434591</subfield>
	</datafield>
	<datafield ind1="0" ind2=" " tag="775">
		<subfield code="6">880-15</subfield>
		<subfield code="t">Tārīkh al-rusul wa-al-mulūk</subfield>
		<subfield code="d">Līdin : Maṭba‘at Brīl, [1879-1901]</subfield>
		<subfield code="w">(OCoLC)784434600</subfield>
		<subfield code="w">(OCoLC)784434600</subfield>
	</datafield>
	<datafield ind1="0" ind2=" " tag="775">
		<subfield code="6">880-16</subfield>
		<subfield code="t">Tārīkh al-rusul wa-al-mulūk</subfield>
		<subfield code="d">Ghrāysfāld : Irnist Mūrīs, [1831]</subfield>
		<subfield code="w">(OCoLC)784510224</subfield>
		<subfield code="w">(OCoLC)784510224</subfield>
	</datafield>
	<datafield ind1="0" ind2=" " tag="775">
		<subfield code="6">880-17</subfield>
		<subfield code="t">Tārīkh al-rusul wa-al-mulūk</subfield>
		<subfield code="d">Bayrūt : Maktabat Khayyāṭ, 1965</subfield>
		<subfield code="w">(OCoLC)784519812</subfield>
		<subfield code="w">(OCoLC)784519812</subfield>
	</datafield>
	<datafield ind1="0" ind2=" " tag="775">
		<subfield code="6">880-18</subfield>
		<subfield code="t">Tārīkh al-Ṭabarī.</subfield>
		<subfield code="b">al-Ṭab‘ah al-thānīyah</subfield>
		<subfield code="d">Bayrūt : Dār al-Kutub al-‘Ilmīyah, 1988</subfield>
		<subfield code="w">(OCoLC)784510784</subfield>
		<subfield code="w">(OCoLC)784510784</subfield>
	</datafield>
	<datafield ind1="0" ind2=" " tag="775">
		<subfield code="6">880-19</subfield>
		<subfield code="t">Tārīkh al-Ṭabarī</subfield>
		<subfield code="d">al-Qāhirah : Dār al-Ma‘ārif, 1960-1968</subfield>
		<subfield code="w">(OCoLC)784434588</subfield>
		<subfield code="w">(OCoLC)784434588</subfield>
	</datafield>
	<datafield ind1="0" ind2="8" tag="776">
		<subfield code="i">Print version:</subfield>
		<subfield code="a">Ṭabarī, 838?-923, author.</subfield>
		<subfield code="t">Tārīkh al-umam wa-al-mulūk</subfield>
		<subfield code="w">(LeBAU)b12630184</subfield>
	</datafield>
	<datafield ind1="4" ind2="0" tag="856">
		<subfield code="u">http://hdl.handle.net/2333.1/crjdfswg</subfield>
	</datafield>
	<datafield ind1="1" ind2=" " tag="880">
		<subfield code="6">100-01</subfield>
		<subfield code="a">الطبري،</subfield>
		<subfield code="d">838؟-923،</subfield>
		<subfield code="e">مؤلف.</subfield>
		<subfield code="4">aut.</subfield>
	</datafield>
	<datafield ind1="1" ind2="0" tag="880">
		<subfield code="6">240-02</subfield>
		<subfield code="a">تاريخ الطبري</subfield>
	</datafield>
	<datafield ind1="1" ind2="0" tag="880">
		<subfield code="6">245-03</subfield>
		<subfield code="a">تاريخ الامم و الملوك /</subfield>
		<subfield code="c">لأبي جعفر محمد بن جرير الطبري.</subfield>
	</datafield>
	<datafield ind1="3" ind2=" " tag="880">
		<subfield code="6">246-04</subfield>
		<subfield code="a">تاريخ الرسل والملوك</subfield>
	</datafield>
	<datafield ind1=" " ind2=" " tag="880">
		<subfield code="6">250-05</subfield>
		<subfield code="a">الطبعة الأولى.</subfield>
	</datafield>
	<datafield ind1=" " ind2="1" tag="880">
		<subfield code="6">264-06</subfield>
		<subfield code="a">[مصر] :</subfield>
		<subfield code="b">المطبعة الحسينية المصرية،</subfield>
		<subfield code="c">1326 هـ.، [1908 م.]</subfield>
	</datafield>
	<datafield ind1=" " ind2=" " tag="880">
		<subfield code="6">300-07</subfield>
		<subfield code="a">5 أجزاء ؛</subfield>
		<subfield code="c">27 سم</subfield>
	</datafield>
	<datafield ind1=" " ind2=" " tag="880">
		<subfield code="6">500-00</subfield>
		<subfield code="a">13 جزء ببليوغرافي في 5 أجزاء مادية.</subfield>
	</datafield>
	<datafield ind1=" " ind2=" " tag="880">
		<subfield code="6">500-00</subfield>
		<subfield code="a">النسختان الثانية والثالثة: 13 جزء ببليوغرافي في 6 أجزاء مادية.</subfield>
	</datafield>
	<datafield ind1=" " ind2=" " tag="880">
		<subfield code="6">500-00</subfield>
		<subfield code="a">&quot;على نفقة السيد محمد عبد اللطيف الخطيب وشركاه.&quot;</subfield>
	</datafield>
	<datafield ind1="0" ind2="0" tag="880">
		<subfield code="6">505-00</subfield>
		<subfield code="t">تاريخ الأمم والملوك:</subfield>
		<subfield code="g">الجزء الثاني عشر.</subfield>
		<subfield code="t">صلة تاريخ الطبري /</subfield>
		<subfield code="r">عريب بن سعد القرطبي --</subfield>
		<subfield code="g">الجزء الثالث عشر.</subfield>
		<subfield code="t">المنتخب من كتاب ذيل المذيل من تاريخ الصحابة والتابعين /</subfield>
		<subfield code="r">أبي جعفر محمد بن جرير بن يزيد الطبري.</subfield>
	</datafield>
	<datafield ind1=" " ind2=" " tag="880">
		<subfield code="6">590-00</subfield>
		<subfield code="a">النسخة الأولى: صفحة عنوان الأجزاء  1، 4، 9، 11 مصورة؛ النسخة الثانية: صفحة عنوان الجزء 2 مصورة؛ النسخة الثالثة: صفحة عنوان الأجزاء 2، 7 مصورة.</subfield>
	</datafield>
	<datafield ind1=" " ind2="4" tag="880">
		<subfield code="6">650-08</subfield>
		<subfield code="a">تاريخ العالم</subfield>
		<subfield code="v">اعمال قديمة حتى 1800.</subfield>
	</datafield>
	<datafield ind1=" " ind2="4" tag="880">
		<subfield code="6">650-09</subfield>
		<subfield code="a">الفقهاء</subfield>
		<subfield code="v">تراجم</subfield>
		<subfield code="v">اعمال قديمة حتى 1800.</subfield>
	</datafield>
	<datafield ind1=" " ind2="4" tag="880">
		<subfield code="6">651-10</subfield>
		<subfield code="a">الامبراطورية الاسلامية</subfield>
		<subfield code="x">تاريخ</subfield>
		<subfield code="v">اعمال قديمة حتى 1800.</subfield>
	</datafield>
	<datafield ind1=" " ind2="4" tag="880">
		<subfield code="6">651-11</subfield>
		<subfield code="a">الشرق</subfield>
		<subfield code="x">تاريخ.</subfield>
	</datafield>
	<datafield ind1="0" ind2=" " tag="880">
		<subfield code="6">774-12</subfield>
		<subfield code="a">عريب بن سعد، -979 أو 980.</subfield>
		<subfield code="t">صلة تاريخ الطبري.</subfield>
	</datafield>
	<datafield ind1="0" ind2=" " tag="880">
		<subfield code="6">774-13</subfield>
		<subfield code="a">الطبري، 838؟-923.</subfield>
		<subfield code="t">المنتخب من كتاب ذيل المذيل.</subfield>
	</datafield>
	<datafield ind1="0" ind2=" " tag="880">
		<subfield code="6">775-00</subfield>
		<subfield code="t">تاريخ الرسل والملوك</subfield>
		<subfield code="d">Lugd Bat : Brill، 1964</subfield>
		<subfield code="w">b12870080</subfield>
		<subfield code="w">(OCoLC)784525292</subfield>
	</datafield>
	<datafield ind1="0" ind2=" " tag="880">
		<subfield code="6">775-00</subfield>
		<subfield code="t">Tārīkh al-rusul wa-al-mulūk</subfield>
		<subfield code="d">Lugd Bat : Brill، 1964</subfield>
		<subfield code="w">(OCoLC)784525292</subfield>
		<subfield code="w">(OCoLC)784525292</subfield>
	</datafield>
	<datafield ind1="0" ind2=" " tag="880">
		<subfield code="6">775-14</subfield>
		<subfield code="t">تاريخ الأمم والملوك</subfield>
		<subfield code="d">القاهرة : مطبعة الإستقامة، 1939</subfield>
		<subfield code="w">b12630159</subfield>
		<subfield code="w">(OCoLC)784434591</subfield>
	</datafield>
	<datafield ind1="0" ind2=" " tag="880">
		<subfield code="6">775-15</subfield>
		<subfield code="t">تاريخ الرسل والملوك</subfield>
		<subfield code="d">ليدن : مطبعة بريل، [1879-1901]</subfield>
		<subfield code="w">b1263024x</subfield>
		<subfield code="w">(OCoLC)784434600</subfield>
	</datafield>
	<datafield ind1="0" ind2=" " tag="880">
		<subfield code="6">775-16</subfield>
		<subfield code="t">تاريخ الرسل والملوك</subfield>
		<subfield code="d">غرايفسفالد : ارنست موريس، [1831]</subfield>
		<subfield code="w">b12774583</subfield>
		<subfield code="w">(OCoLC)784510224</subfield>
	</datafield>
	<datafield ind1="0" ind2=" " tag="880">
		<subfield code="6">775-17</subfield>
		<subfield code="t">تاريخ الرسل والملوك</subfield>
		<subfield code="d">بيروت : مكتبة خياط، 1965</subfield>
		<subfield code="w">b12831657</subfield>
		<subfield code="w">(OCoLC)784519812</subfield>
	</datafield>
	<datafield ind1="0" ind2=" " tag="880">
		<subfield code="6">775-18</subfield>
		<subfield code="t">تاريخ الطبري.</subfield>
		<subfield code="b">الطبعة الثانية</subfield>
		<subfield code="d">بيروت : دار الكتب العلمية، 1988</subfield>
		<subfield code="w">b12775344</subfield>
		<subfield code="w">(OCoLC)784510784</subfield>
	</datafield>
	<datafield ind1="0" ind2=" " tag="880">
		<subfield code="6">775-19</subfield>
		<subfield code="t">تاريخ الطبري</subfield>
		<subfield code="d">القاهرة : دار المعارف، 1960-1968</subfield>
		<subfield code="w">b12630123</subfield>
		<subfield code="w">(OCoLC)784434588</subfield>
	</datafield>
	<datafield ind1=" " ind2=" " tag="959">
		<subfield code="a">NNU</subfield>
		<subfield code="b">WEB</subfield>
		<subfield code="c">GENI</subfield>
		<subfield code="t">0</subfield>
		<subfield code="m">Electronic access</subfield>
		<subfield code="s">01</subfield>
	</datafield>
	<datafield ind1=" " ind2=" " tag="999">
		<subfield code="i">LeBAU_b12630184</subfield>
		<subfield code="s">aub_aco001205:v.1-2</subfield>
		<subfield code="s">aub_aco001206:v.3-4</subfield>
		<subfield code="s">aub_aco001207:v.5-6</subfield>
		<subfield code="s">aub_aco001208:v.7-8</subfield>
		<subfield code="s">aub_aco001209:v.9-10</subfield>
		<subfield code="s">aub_aco001210:v.11-13</subfield>
		<subfield code="e">(ERROR-880)(ERROR-MISC)</subfield>
		<subfield code="s">aub_aco001205:v.1-2</subfield>
		<subfield code="s">aub_aco001206:v.3-4</subfield>
		<subfield code="s">aub_aco001207:v.5-6</subfield>
		<subfield code="s">aub_aco001208:v.7-8</subfield>
		<subfield code="s">aub_aco001209:v.9-10</subfield>
		<subfield code="s">aub_aco001210:v.11-13</subfield>
	</datafield>
</record>
